@article{DBLP:journals/corr/abs-1803-05069,
  author    = {Ittai Abraham and
               Guy Gueta and
               Dahlia Malkhi},
  title     = {Hot-Stuff the Linear, Optimal-Resilience, One-Message {BFT} Devil},
  journal   = {CoRR},
  volume    = {abs/1803.05069},
  year      = {2018},
  url       = {http://arxiv.org/abs/1803.05069},
  archivePrefix = {arXiv},
  eprint    = {1803.05069},
  timestamp = {Mon, 13 Aug 2018 16:49:08 +0200},
  biburl    = {https://dblp.org/rec/journals/corr/abs-1803-05069.bib},
  bibsource = {dblp computer science bibliography, https://dblp.org}
}

@article{DBLP:journals/corr/abs-2010-11454,
  author    = {Mohammad M. Jalalzai and
               Jianyu Niu and
               Chen Feng},
  title     = {Fast-HotStuff: {A} Fast and Resilient HotStuff Protocol},
  journal   = {CoRR},
  volume    = {abs/2010.11454},
  year      = {2020},
  url       = {https://arxiv.org/abs/2010.11454},
  archivePrefix = {arXiv},
  eprint    = {2010.11454},
  timestamp = {Mon, 26 Oct 2020 15:39:44 +0100},
  biburl    = {https://dblp.org/rec/journals/corr/abs-2010-11454.bib},
  bibsource = {dblp computer science bibliography, https://dblp.org}
}

@article{article,
author = {Dwork, Cynthia and Lynch, Nancy and Stockmeyer, Larry},
year = {2002},
month = {12},
pages = {},
title = {Consensus in the Presence of Partial Synchrony},
volume = {35},
journal = {Journal of the ACM},
doi = {10.1145/42282.42283}
}
